% DI research articles

@article{arce+salinas2012,
author = {Paola Arce and Luis Salinas},
title = {Online Ridge Regression Method Using Sliding Windows},
journal ={2011 30th International Conference of the Chilean Computer Science
Society},
volume = {0},
issn = {1522-4902},
year = {2012},
pages = {87-90},
doi = {http://doi.ieeecomputersociety.org/10.1109/SCCC.2012.18},
publisher = {IEEE Computer Society},
address = {Los Alamitos, CA, USA},
}

@conference{arceetAl2012,
author={Arce, P. and Maureira, C. and Bonvallet, R. and Fern√°ndez, C.},
title={Forecasting high frequency financial time series using parallel FFN with
CUDA and ZeroMQ},
journal={2012 9th Asia-Pacific Symposium on Information and Telecommunication
Technologies, APSITT 2012},
year={2012},
art_number={6379709},
note={cited By (since 1996)0},
url={http://www.scopus.com/inward/record.url?eid=2-s2.0-84872203673&partnerID=40&md5=7509808092dd12b4edf12d11daa65ff5},
document_type={Conference Paper},
source={Scopus},
}

@conference{pezoa2011a,
   author = {Pezoa, R. and Rojas, R. and Salinas, L.},
   title = {Pixels Classification of IHC-stained Images using SVM},
   journal = {I Workshop on Bioinformatics Research and Applications, Jornadas Chilenas de la Computaci\'on},
   month = {November},
   year = {2011}

}

@conference{pezoa2011b,
   author = {Rojas, R. and  Pezoa, R. and Salinas, L.},
   title = {Quantification of IHC-stained Tissue Images using Support Vector Machine},
   journal = {Poster sesion,  Microscopic Image Analysis with Applications in Biology (MIAAB-2011), Heidelberg, Germany},
   month = {November},
   year = {2011}

}



@article{pezoa2012,
   author = {Pezoa, R. and Rojas, R. and Salinas, L.},
   title = {Immonuhistochemistry Quantification using Support Vector Machines},
   journal = {Poster session,  International Society for Computational Biology Latin American (ISCB-LA 2012), Santiago, Chile},
   month = {March},
   year = {2012}

}


@inproceedings{pezoaGold,
 author = {Pezoa, Raquel and Casta\~{n}eda, Victor and H\"{a}rtel, Steffen},
 title = {Web-based Platform for Biomedical Gold Standard generation},
 booktitle = {Proceedings of the  XXVI Annual Meeting of the Sociedad de Biolog\'ia Celular de Chile},
 month = {October},
 year = {2012},
 address = {Puerto Varas, Chile}
} 

@conference{pezoa2014,
author={Raquel Pezoa and  Rodrigo Rojas-Moraleda and Luis Salinas and Steffen H\"{a}rtel },
title={A segmentation method for images with subjective contours applied to immunohistochemistry-stained cell membranes},
journal={12 European Congress on Digital Pathology},
year={2014},
document_type={Conference Poster}
}

